@article{forsberg2003msc,
    title = "Molten-Salt-Cooled Advanced High-Temperature Reactors for the Production of Hydrogen and Electricity",
    author = "C. W. Forsberg and P. F. Peterson and P. S. Pickard",
    journal = "Nuclear Technology",
    volume = "144",
    number = "3",
    pages = "289--302",
    month = "",
    year = "2003"
}
@article{scarlat2013csf,
    title = "The Current Status of Fluoride Salt Cooled High Temperature Reactor ({FHR}) Technology and its Overlap with {HIF} Target Chamber Concepts",
    author = "R. O. Scarlat and P. F. Peterson",
    journal = "Nuclear Instruments and Methods in Physics Research A",
    volume = "",
    number = "",
    pages = "",
    year = "2013",
    month = ""
}
@techreport{williams2006acm,
    title = "Assessment of Candidate Molten Salt Coolants for the Advanced High-Temperature Reactor ({AHTR})",
    author = "D. F. Williams and L. M. Toth and K. T. Clarno",
    month = "",
    year = "2006",
    institution = "ORNL",
    address = "Oak Ridge, TN",
    number = "ORNL/TM-2006/12"
}
@techreport{bess2010esu,
    title = "Evaluation of the Start-Up Core Physics Tests at Japan's High-Temperature Engineering Test Reactor (Fully-Loaded Core)",
    author = "J. B. Bess and N. Fujimoto",
    month = "",
    year = "2010",
    institution = "NEA",
    address = "Issy-les-Moulineaux",
    number = "NEA/NSC/DOC(2006)1 : HTTR-GCR-RESR-001"
}
@techreport{shaffer1971phs,
    title = "Preparation and Handling of Salt Mixtures for the Molten Salt Experiment",
    author = "J. H. Shaffer",
    month = "",
    year = "1971",
    institution = "ORNL",
    address = "Oak Ridge, Tennessee",
    number = "ORNL-4616"
}
@conference{ames2013tea,
    title = "Trace Elemental Analysis of Flibe by Neutron Activation Analysis in Support of {FHR} Research",
    author = "M. Ames and L. Hu",
    booktitle = "2013 American Nuclear Society Winter Meeting and Nuclear Technology Expo",
    month = "November",
    year = "2013"
}
@techreport{lanl2013mcnp6,
    title = "Initial {MCNP6} Release Overview - {MCNP6} version 1.0",
    author = "J. T. Goorley and M. James and T. Booth and F. B. Brown and J. Bull and L. J. Cox and J. Durkee and J. Elson and M. Fensin and R. A. Forster and J. Hendricks and H. G. Hughes and R. Johns and B. C. Kiedrowski and R. Martz and S. Mashnik and G. McKinney and D. Pelowitz and R. Prael and J. Sweezy and L. Waters and T. Wilcox and T. Zukaitis",
    year = "2013",
    institution = "LANL",
    address = "Los Alamos, NM",
    number = "LA-UR-13--22934"
}
@article{kiedrowski2013abk,
    title = "Adjoint-Based k-Eigenvalue Sensitivity Coefficients to Nuclear Data Using Continuous-Energy Monte Carlo",
    author = "B. C. Kiedrowski and F. B. Brown",
    journal = "Nuclear Science and Technology",
    volume = "174",
    number = "3",
    pages = "227--244",
    month = "",
    year = "2013"
}
@techreport{mughabghab2003tnc,
    title = "Thermal Neutron Capture Cross Sections Resonance Integrals and G-Factors",
    author = "S. F. Mughabghab",
    month = "",
    year = "2003",
    institution = "INDC",
    address = "Vienna",
    number = "(NDS)-440"
}
@article{holden1999tdw,
    title = "Temperature Dependence of the Westcott g-Factor for Neutron Reactions in Activation Analysis",
    author = "N. E. Holden",
    journal = "Pure Applied Chemistry",
    volume = "71",
    number = "12",
    pages = "2309--2315",
    month = "",
    year = "1999"
}
@article{chadwick2006endf70,
    title = "ENDF/B-VII.0: Next Generation Evaluated Nuclear Data Library for Nuclear Science and Technology",
    author = "M. B. Chadwick and others",
    journal = "Nuclear Data Sheets",
    volume = "107",
    number = "1",
    pages = "2931--3060",
    month = "",
    year = "2006"
}
@article{chadwick2011endb71,
    title = "ENDF/B-VII.1 nuclear data for science and technology: Cross sections, covariances, fission product yields and decay data",
    author = "M. B. Chadwick and others",
    journal = "Nuclear Data Sheets",
    volume = "112",
    number = "12",
    pages = "2887--2996",
    month = "",
    year = "2011"
}
@techreport{thoma1971cam,
    title = "Chemical Aspects of MSRE Operations",
    author = "R. E. Thoma",
    month = "December",
    year = "1971",
    institution = "ORNL",
    address = "Oak Ridge, TN",
    number = "ORNL-4658"
}
